@article{sodomka13,
	title = "{C}oco-{Q}: {L}earning in Stochastic Games with Side Payments",
	author = "Eric Sodomka and Elizabeth Hilliard and Michael
                  Littman and Amy Greenwald",
	journal = "JMLR Workshop and Conference Proceedings:
                  Proceedings of The 30th International Conference on
                  Machine Learning",
	volume = "28",
	number = "3",
	pages = "1471--1479",
	year = "2013"
}

@inproceedings{ur14,
	title = "Practical Trigger-Action Programming in the Smart
                  Home",
	author = "Blase Ur and Elyse McManus and Melwyn Pak Yong Ho
                  and Michael L. Littman",
	year = "2014",
	booktitle = "Proceedings of the ACM SIGCHI Conference on Human
                  Factors in Computing Systems (CHI)"
}

@inproceedings{gopalan15,
	title = "Modeling and Solving Human-Robot Collaborative Tasks
                  Using {POMDP}s",
	author = "Nakul Gopalan and Stefanie Tellex",
	year = "2015",
	booktitle = "Robotics: science and systems 2015: workshop on model learning for
                  human-robot communication"
}

@inproceedings{loftin14b,
	title = "A Strategy-Aware Technique for Learning Behaviors
                  from Discrete Human Feedback",
	author = "Robert Loftin and James MacGlashan and 
                  Michael L. Littman and Matthew E. Taylor and David
                  L. Roberts and Jeff Huang",
	year = "2014",
	booktitle = "Proceedings of the Twenty-Eighth Association for
                  the Advancement of Artificial Intelligence
                  Conference (AAAI-14)"
}

@inproceedings{macglashan15,
	title = "Grounding English commands to reward functions",
	author = "J. MacGlashan and M. Babes-Vroman and M. desJardins
                  and M. Littman and S. Muresan and S. Squire and
                  S. Tellex and D. Arumugam and L. Yang",
	year = "2015",
	booktitle = "Proceedings of Robotics: Science and Systems"
}

@inproceedings{macglashan15b,
	title = "Between Imitation and Intention Learning",
	author = "James MacGlashan and Michael L. Littman",
	booktitle = "Proceedings of IJCAI",
	year = "2015"
}
@inproceedings{desjardins13,
	author = "Marie desJardins and Michael L. Littman",
	title = "{AAAI}-13 Preface",
	booktitle = "AAAI 2013",
	year = "2013"
}

@book{vonneumann44,
  author = {J. v. Neumann and O. Morgenstern},
  title = {The Theory of Games and Economic Behavior},
  year = {1944},
  publisher = {Princeton University Press},
  address = {Princeton, NJ}
}
@book{Camerer:2003,
  author = {C. F. Camerer},
  title = {Behavioral Game Theory: Experiments in Strategic Interaction},
  year = {2003},
  publisher = {Princeton University Press},
  address = {Princeton, NJ}
}

@article{guth82,
  author = {W. G{\"u}th and R. Schmittberger and B. Schwarze},
  title = {An experimental analysis of ultimatum bargaining},
  journal = {Journal of Economic Behavior and Organization},
  volume = {3},
  year = {1982},
  pages = {367-388}
 }

 @article{kahneman86,
   author = {D. Kahneman and J. L. Knetsch and R. Thaler},
   title = {Fairness as a constraint on profit seeking: Entitlements in the market},
   journal = {American Economic Review},
   volume = {76},
   pages = {728-741},
   year = {1986}
 }

 @article{henrich05,
   author = {J. Henrich and R. Boyd and S. Bowles and C. Camerer and E. Fehr and H. Gintis and R. {McE}lreath and M. Alvard and A. Barr and J. Ensminger and N. S. Henrich and K. Hill and F. {Gil-W}hite and M. Gurven and F. W. Marlowe and J. Q. Patton and D. Tracer},
   title = {"Economic man" in cross-cultural perspective: Behavioral experiments in 15 small-scale societies},
   journal = {Behavioral and Brain Sciences},
   year = {2005},
   volume = {28},
   pages = {795-855}
 }
@book{kahnemanst82,
  editor = "D. Kahneman and P. Slovic and A. Tversky",
  publisher = "Cambridge University Press",
  title = "Judgment under uncertainty: {H}euristics and biases",
  year = "1982"
}
 @article{shafir92,
  author = {E. Shafir and A. Tversky},
  title = {Thinking Through Uncertainty: Nonconsequential Reasoning and Choice},
  journal = {Cognitive Psychology},
  volume = {24},
  number = {1},
  pages = {449-474},
  year = {1992}
 }

 @article{rapoport88,
   author = {A. Rapoport},
   title = {Experiments with N-Person Social Traps I: Prisoner's Dilemma, Weak Prisoner's Dilemma, Volunteer's Dilemma, and Largest Number},
   journal = {The Journal of Conflict Resolution},
   volume = {32},
   number = {3},
   year = {1988},
   pages = {457-472}}

@article{list06,
  author = {J. A. List},
  title = {Friend Or Foe? A Natural Experiment Of The Prisoner's Dilemma},
  journal = {The Review of Economics and Statistics},
  volume = {88},
  number = {3},
  pages = {463-471},
  year = {2006}
}

 @article{forsythe94,
   author = {R. Forsythe and J. L. Horowitz and N. E. Savin and M. Sefton},
   title = {Fairness in simple bargaining experiments},
   journal = {Games and Economic Behavior},
   volume = {6},
   year = {1994},
   pages = {347-369}
 }

 @article{sally95,
   author = {D. Sally},
   title = {Conversation and cooperation in social dilemmas: A meta-analysis of experiments from 1958 to 1992},
   journal = {Rationality and Society},
   volume = {18},
   year = {1995},
   pages = {455-487}
 }

@article{wilson02,
  author = {M. Wilson},
  title = {Six views of embodied cognition},
  journal = {Psychonomic Bulletin \& Review},
  volume = {9},
  number = {4},
  pages = {625-636},
  year = {2002}}

@article{hutchins10,
  author = {E. Hutchins},
  title = {Cognitive Ecology},
  journal = {Topics in Cognitive Science},
  volume = {2},
  pages = {705-715},
  year = {2010}
}

@article{chomsky59,
	Author = {N. Chomsky},
	Journal = {Language},
	Pages = {26-58},
	Title = {A review of {B.F Skinner's Verbal Behavior}},
	Volume = {31},
	Year = {1959}}

 @article{rand13,
   author = {D. G. Rand and M. A. Nowak},
   title = {Human cooperation},
   journal = {Trends in Cognitive Sciences},
   year = {2013},
   volume = {17},
   number = {8},
   pages = {413-425}
 }

 @article{austerweil13,
  author = {J. L. Austerweil and T. L. Griffiths},
  title = {A nonparametric {B}ayesian framework for constructing flexible feature representations},
  journal = {Psychological Review},
  year = {2013},
  volume = {120},
  issue = {4},
  pages = {817-851}
}

 @article{diguida13,
   author = {S. {Di Guida} and G. Devetag},
   title = {Feature-Based Choice and Similarity Perception in Normal-Form Games: An Experimental Study},
   journal = {Games},
   volume = {4},
   number = {4},
   pages = {776-794},
   year = {2013}}

@article{devetag08,
  author = {G. Devetag and M. Warglien},
  title = {Playing the wrong game: An experimental analysis of relational complexity and strategic misrepresentation},
  journal = {Games and Economic Behavior},
  volume = {62},
  year = {2008},
  pages = {364-382} 
}

@article{cooper03,
  author = {D. J. Cooper and J. B. {Van Huyck}},
  title = {Evidence on the equivalence of the strategic and extensive form representation of games},
  journal = {Journal of Economic Theory},
  volume = {110},
  number = {2},
  pages = {290-308},
  year = {2003}}

 @article{ho96,
   author = {T. Ho and K. Weigelt},
   title = {Task complexity, equilibrium selection, and learning: An experimental study},
   journal = {Managment Science},
   volume = {42},
   year = {1996},
   pages = {659-679}}

@article{rapoport97,
  author = {A. Rapoport},
  title = {Order of play in strategically equivalent games in extensive form},
  journal = {International Journal of Game Theory},
  year = {1997},
  pages = {113-136},
  volume = {26}
}

 @incollection{cooper94,
   author = {R. Cooper and D. {DeJ}ong and B. Forsythe and T. Ross},
   title = {Alternative institutions for resolving coordination problems: Experimental evidence on forward induction and preplay communication},
   editor = {J. Friedman},
   booktitle = {Problems of Coordination in Economic Activity},
   address = {Dordrecht},
   publisher = {Kluwer},
   year = {1994},
   pages = {129-146}
  }

 @book{luce57,
   author = {R. D. Luce and H. Raiffa},
   title = {Games and decisions},
   year = {1957},
   publisher = {Dover},
   address = {New York}}

@article{falk2003nature,
 title={On the nature of fair behavior},
 author={Falk, Armin and Fehr, Ernst and Fischbacher, Urs},
 journal={Economic Inquiry},
 volume={41},
 number={1},
 pages={20--26},
 year={2003},
 publisher={Wiley Online Library}
}

@article{bolton2000erc,
 title={ERC: A theory of equity, reciprocity, and competition},
 author={Bolton, Gary E and Ockenfels, Axel},
 journal={American economic review},
 pages={166--193},
 year={2000},
 publisher={JSTOR}
}

@article{charness2002understanding,
 title={Understanding social preferences with simple tests},
 author={Charness, Gary and Rabin, Matthew},
 journal={Quarterly journal of Economics},
 pages={817--869},
 year={2002},
 publisher={JSTOR}
}

@article{berg1995trust,
 title={Trust, reciprocity, and social history},
 author={Berg, Joyce and Dickhaut, John and McCabe, Kevin},
 journal={Games and economic behavior},
 volume={10},
 number={1},
 pages={122--142},
 year={1995},
 publisher={Elsevier}
}

@article{fehr1999theory,
 title={A theory of fairness, competition, and cooperation},
 author={Fehr, Ernst and Schmidt, Klaus M},
 journal={Quarterly journal of Economics},
 pages={817--868},
 year={1999},
 publisher={JSTOR}
}
@article{hamlin13,
  author = {J. K. Hamlin and T. Ullman and J. B. Tenenbaum and N. Goodman and C. Baker},
  title = {The mentalistic basis of core social cognition: experiments in preverbal infants and a computational model},
  journal = {Developmental Science},
  volume = {16},
  issue = {2},
  pages = {209-226},
  year = {2013}
}

@article{hamlin07,
  author = {J. K. Hamlin and K. Wynn and P. Bloom},
  title = {Social evaluation by preverbal infants},
  journal = {Nature},
  volume = {450},
  pages = {557-559},
  year = {2007}
}

@article{baker09,
  author = {C. L. Baker and R. Saxe and J. B. Tenenbaum},
  title = {Action understanding as inverse planning},
  journal = {Cognition},
  volume = {113},
  pages = {329-349},
  year = {2009}
}
@incollection{ullman09,
  author = {T. D. Ullman and C. L. Baker and O. Macindoe and O. Evans and N. D. Goodman and J. B. Tenenbaum},
  title = {Help or hinder: Bayesian models of social goal inference},
  booktitle = {Advances in Neural Information Processing Systems 22},
  pages = {1874-1882},
  year = {2009},
 editor = {Y. Bengio and D. Schuurmans and J.D. Lafferty and C.K.I. Williams and A. Culotta},
  publisher = {Curran Associates, Inc.}
}

@book{bertsekas87,
  author={Dimitri P. Bertsekas},
  title={Dynamic Programming: {D}eterministic and Stochastic
    Models}, 
  publisher={Prentice-Hall},
  address = {Englewood Cliffs, NJ},
  year={1987}
}

@incollection{baker14,
  author = {C. L. Baker and J. B. Tenenbaum},
  title = {Modeling human plan recognition using {B}ayesian theory of mind},
  editor = {G. Sukthankar and R. P. Goldman and C. Geib and D. Pynadath and H. Bui},
  booktitle = {Plan, Activity and Intent Recognition: Theory and Practice},
  pages = {177-204},
  year = {2014},
  publisher = {Morgan Kaufmann}
  }

@article{ramachandran2007bayesian,
  title={Bayesian inverse reinforcement learning},
  author={Ramachandran, Deepak and Amir, Eyal},
  journal={International Joint Conference on Artificial Intelligence,},
  year={2007},
  pages={2586-2591}
}

@incollection{lopes2009active,
  title={Active learning for reward estimation in inverse reinforcement learning},
  author={Lopes, Manuel and Melo, Francisco and Montesano, Luis},
  booktitle={Machine Learning and Knowledge Discovery in Databases},
  pages={31--46},
  year={2009},
  publisher={Springer}
}


@inproceedings{ziebart2008maximum,
  title={Maximum Entropy Inverse Reinforcement Learning.},
  author={Ziebart, Brian D and Maas, Andrew L and Bagnell, J Andrew and Dey, Anind K},
  booktitle={AAAI},
  pages={1433--1438},
  year={2008}
}

@inproceedings{babes11,
  author = "Monica Babes and Vukosi N. Marivate and Michael L. Littman and Kaushik Subramanian",
  title = "Apprenticeship Learning About Multiple Intentions",
  booktitle = "International Conference on Machine Learning",
  year = "2011",
  pages = "897--904"
}

@inproceedings{littman1994markov,
  title={Markov games as a framework for multi-agent reinforcement learning},
  author={Littman, Michael L},
  booktitle={Proceedings of the eleventh international conference on machine learning},
  volume={157},
  pages={157--163},
  year={1994}
}

@article{heider44,
  author = {F. Heider and M. A. Simmel},
  title = {An experimental study of apparent behavior},
  journal = {American Journal of Psychology},
  volume = {57},
  pages = {243-245},
  year = {1944}}

@book{dennett87,
  author = {D. C. Dennett},
  title = {The intentional stance},
  address = {Cambridge, MA},
  publisher = {MIT Press},
  year = {1987}
}

@article{gergely95,
  author = {G. Gergely and Z. N\'{a}dasdy and G. Csibra and S. Bir\'{o}},
  title = {Taking the intentional stance at 12 months of age},
  journal = {Cognition},
  volume = {56}, 
  pages = {165-193},
  year = {1995}
} 

@inproceedings{claus1998dynamics,
  title={The dynamics of reinforcement learning in cooperative multiagent systems},
  author={Claus, Caroline and Boutilier, Craig},
  year={1998}
}	

@article{rand2013human,
  title={Human cooperation},
  author={Rand, David G and Nowak, Martin A},
  journal={Trends in cognitive sciences},
  volume={17},
  number={8},
  pages={413--425},
  year={2013},
  publisher={Elsevier}
}

@book{bacharach2006beyond,
  title={Beyond individual choice: teams and frames in game theory},
  author={Bacharach, Michael and Gold, Natalie and Sugden, Robert},
  year={2006},
  publisher={Princeton University Press}
}

@inproceedings{singh2009rewards,
  title={Where do rewards come from},
  author={Singh, Satinder and Lewis, Richard L and Barto, Andrew G},
  booktitle={Proceedings of the annual conference of the cognitive science society},
  pages={2601--2606},
  year={2009}
}

@book{searle1995construction,
	title = {The construction of social reality},
	publisher = {Simon and Schuster},
	author = {Searle, John R.},
	year = {1995}
}

@article{tomasello2005understanding,
	title = {Understanding and sharing intentions: {The} origins of cultural cognition},
	volume = {28},
	shorttitle = {Understanding and sharing intentions},
	number = {05},
	journal = {Behavioral and brain sciences},
	author = {Tomasello, Michael and Carpenter, Malinda and Call, Josep and Behne, Tanya and Moll, Henrike},
	year = {2005},
	pages = {675--691}
}

@inproceedings{parr2008analysis,
  title={An analysis of linear models, linear value-function approximation, and feature selection for reinforcement learning},
  author={Parr, Ronald and Li, Lihong and Taylor, Gavin and Painter-Wakefield, Christopher and Littman, Michael L},
  booktitle={Proceedings of the 25th international conference on Machine learning},
  pages={752--759},
  year={2008},
  organization={ACM}
}

@inproceedings{li2009reinforcement,
  title={Reinforcement learning for dialog management using least-squares Policy iteration and fast feature selection.},
  author={Li, Lihong and Williams, Jason D and Balakrishnan, Suhrid},
  booktitle={INTERSPEECH},
  pages={2475--2478},
  year={2009}
}

@inproceedings{kolter2009regularization,
  title={Regularization and feature selection in least-squares temporal difference learning},
  author={Kolter, J Zico and Ng, Andrew Y},
  booktitle={Proceedings of the 26th annual international conference on machine learning},
  pages={521--528},
  year={2009},
  organization={ACM}
}

@article{fisman07,
  author = {R. Fisman and S. Kariv and D. Markovits},
  title = {Individual Preferences for Giving},
  journal = {The American Economic Review},
  year={2007},
  volume = {97},
  number = {5},
  pages = {1858-1876}
}

@article{blanco11,
  author = {M. Blanco and D. Englemann and H. T. Normann},
  title = {A within-subject analysis of other-regarding preferences},
  journal = {Games and Economic Behavior},
  volume = {72},
  pages = {321-338},
  year = {2011}
} 

@article{fehr2006economics,
  title={The economics of fairness, reciprocity and altruism--experimental evidence and new theories},
  author={Fehr, Ernst and Schmidt, Klaus M},
  journal={Handbook of the economics of giving, altruism and reciprocity},
  volume={1},
  pages={615--691},
  year={2006},
  publisher={Elsevier}
}

@INPROCEEDINGS{Littman01,
  AUTHOR = {M. Littman},
  TITLE = {Friend or Foe \uppercase{$Q$}-Learning in General-Sum \uppercase{M}arkov Games},
  BOOKTITLE = {Proceedings of Eighteenth International Conference on Machine Learning},
  PAGES = {322--328},
  MONTH = {June},
  YEAR = 2001
}

@ARTICLE{HuWellman03,
 AUTHOR = {J. Hu and M. Wellman},
 TITLE = {Nash {$Q$}-Learning for General-Sum Stochastic Games},
 JOURNAL = {Machine Learning Research},
 VOLUME = 4,
 PAGES = {1039--1069},
 YEAR = 2003
}

@INPROCEEDINGS{GreenwaldHall:03,
 AUTHOR = {A.~Greenwald and K.~Hall},
 TITLE = {Correlated \uppercase{$Q$}-Learning},
 BOOKTITLE = {Proceedings of the Twentieth International Conference on Machine Learning},
 PAGES = {242--249},
 YEAR = 2003
}

@INPROCEEDINGS{ZGL:06,
 AUTHOR = {M.~Zinkevich and A.~Greenwald and M.~Littman},
 TITLE = {Cyclic Equilibria in {M}arkov Games},
 EDITOR = {},
 BOOKTITLE = {Advances in Neural Information Processing Systems 18},
 PUBLISHER = {{MIT} Press},
 PAGES = {To Appear},
 YEAR = 2006
}

@book{bicchieri2005grammar,
  title={The grammar of society: The nature and dynamics of social norms},
  author={Bicchieri, Cristina},
  year={2005},
  publisher={Cambridge University Press}
}

@inproceedings{reddy2012inverse,
  title={Inverse reinforcement learning for decentralized non-cooperative multiagent systems},
  author={Reddy, Tummalapalli Sudhamsh and Gopikrishna, Vamsikrishna and Zaruba, Gergely and Huber, Manfred},
  booktitle={Systems, Man, and Cybernetics (SMC), 2012 IEEE International Conference on},
  pages={1930--1935},
  year={2012},
  organization={IEEE}
}

@inproceedings{diuk2009adaptive,
  title={The adaptive k-meteorologists problem and its application to structure learning and feature selection in reinforcement learning},
  author={Diuk, Carlos and Li, Lihong and Leffler, Bethany R},
  booktitle={Proceedings of the 26th Annual International Conference on Machine Learning},
  pages={249--256},
  year={2009},
  organization={ACM}
}

@article{DBLP:journals/corr/LinBC14,
  author    = {Xiaomin Lin and
               Peter A. Beling and
               Randy Cogill},
  title     = {Multi-agent Inverse Reinforcement Learning for Zero-sum Games},
  journal   = {CoRR},
  volume    = {abs/1403.6508},
  year      = {2014},
  url       = {http://arxiv.org/abs/1403.6508},
  timestamp = {Tue, 01 Apr 2014 11:56:46 +0200},
  biburl    = {http://dblp.uni-trier.de/rec/bib/journals/corr/LinBC14},
  bibsource = {dblp computer science bibliography, http://dblp.org}
}

@article{binmore2010social,
  title={Social norms or social preferences?},
  author={Binmore, Ken},
  journal={Mind \& Society},
  volume={9},
  number={2},
  pages={139--157},
  year={2010},
  publisher={Springer}
}

@article{daskalakis2009complexity,
  title={The complexity of computing a Nash equilibrium},
  author={Daskalakis, Constantinos and Goldberg, Paul W and Papadimitriou, Christos H},
  journal={SIAM Journal on Computing},
  volume={39},
  number={1},
  pages={195--259},
  year={2009},
  publisher={SIAM}
}

Export more entries in BibTeX to add them to this list.

@book{savage1954,
	publisher = {Wiley Publications in Statistics},
	year = {1954},
	title = {The Foundations of Statistics},
	author = {Leonard J. Savage}
}
@INPROCEEDINGS{tada:quibids,
 NAME = {Amy Greenwald and Eric Sodomka and Eric Stix and Jeffrey Stix and David Storch},
 AUTHOR = {A.~Greenwald and E.~Sodomka and E.~Stix and J.~Stix and D.~Storch},
 TITLE = {An empirical analysis of auctioneer profitability in {Q}uibids penny auctions},
 BOOKTITLE = {Agent-Mediated Electronic Commerce. Designing Trading Strategies and Mechanisms for Electronic Markets.},
 SERIES = {Lecture Notes in Business Information Processing},
 EDITORS = {Sofia Ceppi and Esther David and Vedran Podobnik and Valentin Robu and Onn Shehory and Sebastian Stein and Ioannis A.~Vetsikas},
 PUBLISHER = {Springer},
 VOLUME = {197},
 PAGES = {56-68},
 YEAR = 2014,
 SUMMARY = {},
 CLASS = {chapter}
}

@INCOLLECTION{tada:jack,
 NAME = {Tom Goff and Amy Greenwald and Elizabeth Hilliard and Wolf Ketter and Andrew Loomis and Eric Sodomka},
 AUTHOR = {T.~Goff and A.~Greenwald and E.~Hilliard and W.~Ketter and A.~Loomis and E.~Sodomka},
 TITLE = {{JACK}: A {J}ava Auction Configuration Kit.},
 BOOKTITLE = {Agent-Mediated Electronic Commerce. Designing Trading Strategies and Mechanisms for Electronic Markets.},
 SERIES = {Lecture Notes in Business Information Processing},
 EDITORS = {Esther David and Kate Larson and Alex Rogers and Onn Shehory and Sebastian Stein},
 PUBLISHER = {Springer},
 VOLUME = {136},
 PAGES = {45--60},
 YEAR = 2013,
 SUMMARY = {},
 CLASS = {chapter}
}

@INPROCEEDINGS{seqauc:icml,
 NAME = {Amy Greenwald and Jiacui Li and Eric Sodomka},
 AUTHOR = {A.~Greenwald and J.~Li and E.~Sodomka},
 TITLE = {Approximating Equilibria in Sequential Auctions with Incomplete Information and Multi-Unit Demand},
 BOOKTITLE = {ICML '12: Workshop on Markets, Mechanisms, and Multi-Agent Models},
 PAGES = {},
 MONTH = {July},
 YEAR = {2012},
 NOTE = {},
 CLASS = {workshop}
}

@INPROCEEDINGS{poi:aamas,
 NAME = {Brandon Mayer and Eric Sodomka and Amy Greenwald},
 AUTHOR = {B.~Mayer and E.~Sodomka and A.~Greenwald},
 TITLE = {The Price of Independence in Simultaneous Auctions},
 BOOKTITLE = {AAMAS '13: Proceedings of the 12th {I}nternational {C}onference on {A}utonomous {A}gents and {M}ultiagent {S}ystems},
 PAGES = {1227--1228},
 MONTH = {May},
 YEAR = 2013,
 SUMMARY = {},
 CLASS = {conference}
}

@INPROCEEDINGS{poi:ec,
 NAME = {Brandon Mayer and Eric Sodomka and Amy Greenwald and Michael P.~Wellman},
 AUTHOR = {B.~Mayer and E.~Sodomka and A.~Greenwald and M.P.~Wellman},
 TITLE = {Accounting for price dependencies in simultaneous sealed-bid auctions},
 booktitle = {EC '13: Proceedings of the 14th {ACM} {C}onference on {E}lectronic {C}ommerce},
 PAGES = {679--696}, 
 MONTH = {June},
 YEAR = 2013,
 SUMMARY = {},
 CLASS = {conference}
}

@INPROCEEDINGS{seqauc:nips,
 NAME = {Amy Greenwald and Jiacui Li and Eric Sodomka},
 AUTHOR = {A.~Greenwald and J.~Li and E.~Sodomka},
 TITLE = {Approximating Equilibria in Sequential Auctions with Incomplete Information and Multi-Unit Demand},
 BOOKTITLE = {NIPS '12: Advances in {N}eural {I}nformation {P}rocessing {S}ystems},
 PAGES = {2330--2338},
 MONTH = {December},
 YEAR = {2012},
 VOLUME = {25},
 NOTE = {},
 CLASS = {conference}
}

@INPROCEEDINGS{simspsb:uai,
 NAME = {Michael P.~Wellman and Eric Sodomka and Amy Greenwald},
 AUTHOR = {M.~P.~Wellman and E.~Sodomka and A.~Greenwald},
 TITLE = {Self-Confirming Price Prediction Strategies for Simultaneous One-Shot Auctions},
 BOOKTITLE = {UAI '12: Proceedings of the 20th {C}onference on {U}ncertainty in {A}rtificial {I}ntelligence},
 PAGES = {893-902}, 
 MONTH = {August},
 YEAR = 2012,
 SUMMARY = {},
 CLASS = {conference}
}

@INPROCEEDINGS{efgs:rldm,
 NAME = {Amy Greenwald and Jiacui Li and Eric Sodomka and Michael L.~Littman},
 AUTHOR = {A.~Greenwald and J.~Li and E.~Sodomka and M.~L.~Littman},
 TITLE = {Solving for Best-Responses in Extensive-Form Games using Reinforcement Learning Methods},
 BOOKTITLE = {RLDM '13: Proceedings of 1st Multidisciplinary Conference Reinforcement Learning and Decision Making},
 PAGES = {116--120},
 MONTH = {October},
 YEAR = {2013},
 NOTE = {},
 CLASS = {workshop}
}

@BOOK{tac:book,
 AUTHOR = {M.~Wellman and A.~Greenwald and P.~Stone},
 TITLE = {Autonomous Bidding Agents: Strategies and Lessons from the Trading Agent Competition},
 SERIES = {Intelligent Robotics and Autonomous Agents},
 PUBLISHER = {MIT Press},
 ADDRESS = {Cambridge},
 YEAR = 2007,
SUMMARY = {This books presents algorithmic advances and strategy ideas within an integrated bidding agent architecture in the context of the international Trading Agent Competition.},
CLASS = {book}
}

